@book{wickham2023r,
  title={R for data science},
  author={Wickham, Hadley and {\c{C}}etinkaya-Rundel, Mine and Grolemund, Garrett},
  year={2023},
  publisher={" O'Reilly Media, Inc."}, 
  url = {https://r4ds.hadley.nz}
}


@book{estrellado2020data,
  title={Data science in education using R},
  author={Estrellado, Ryan A and Freer, Emily and Mostipak, Jesse and Rosenberg, Joshua M and Vel{\'a}squez, Isabella C},
  year={2020},
  publisher={Routledge}
}

@article{rosenberg2020,
	title = {Understanding public sentiment about educational reforms: The Next Generation Science Standards on Twitter},
	author={Rosenberg, Joshua and Borchers, Conrad and Dyer, Elizabeth B and Anderson, Daniel and Fischer, Christian},
	year = {2020},
	month = {10},
	date = {2020-10-02},
	url = {http://dx.doi.org/10.31219/osf.io/xymsd}
}

@book{krumm2018,
	title = {Learning Analytics Goes to School},
	author = {{Krumm}, {Andrew} and {Means}, {Barbara} and {Bienkowski}, {Marie}},
	year = {2018},
	month = {01},
	date = {2018-01-12},
	publisher = {Routledge},
	doi = {10.4324/9781315650722},
	url = {http://dx.doi.org/10.4324/9781315650722}
}

@article{wang2017,
	title = {Common Core State Standards on Twitter: Public Sentiment and Opinion Leaders},
	author = {{Wang}, {Yinying} and {Fikis}, {David J.}},
	year = {2017},
	month = {08},
	date = {2017-08-02},
	journal = {Educational Policy},
	pages = {650--683},
	volume = {33},
	number = {4},
	doi = {10.1177/0895904817723739},
	url = {http://dx.doi.org/10.1177/0895904817723739},
	langid = {en}
}

@inproceedings{hutto2014vader,
  title={Vader: A parsimonious rule-based model for sentiment analysis of social media text},
  author={Hutto, Clayton and Gilbert, Eric},
  booktitle={Proceedings of the International AAAI Conference on Web and Social Media},
  volume={8},
  number={1},
  year={2014}
}

@book{silge2017text,
  title={Text mining with R: A tidy approach},
  author={Silge, Julia and Robinson, David},
  year={2017},
  publisher={" O'Reilly Media, Inc."},
  url = {https://www.tidytextmining.com}
}

@article{macfadyen2010,
	title = {Mining LMS data to develop an {\textquotedblleft}early warning system{\textquotedblright} for educators: A proof of concept},
	author = {{Macfadyen}, {Leah P.} and {Dawson}, {Shane}},
	year = {2010},
	month = {02},
	date = {2010-02},
	journal = {Computers & Education},
	pages = {588--599},
	volume = {54},
	number = {2},
	doi = {10.1016/j.compedu.2009.09.008},
	url = {http://dx.doi.org/10.1016/j.compedu.2009.09.008},
	langid = {en}
}

@book{wright2021tidyverse,
  title={Tidyverse Skills for Data Science in R},
  author={Wright, Carrie and Ellis, Shannon and Hicks, Stephanie and Peng, Roger},
  year={2021},
  publisher={leanpub},
  url = {https://jhudatascience.org/tidyversecourse/}
}

@article{macfadyen2010mining,
  title={Mining LMS data to develop an “early warning system” for educators: A proof of concept},
  author={Macfadyen, Leah P and Dawson, Shane},
  journal={Computers \& education},
  volume={54},
  number={2},
  pages={588--599},
  year={2010},
  publisher={Elsevier}
}


@misc{wright2021tidyverse,
  title={Tidyverse skills for data science},
  author={Wright, C and Ellis, SE and Hicks, SC and Peng, RD},
  year={2021}
}

@article{wigfield2000expectancy,
  title={Expectancy--value theory of achievement motivation},
  author={Wigfield, Allan and Eccles, Jacquelynne S},
  journal={Contemporary educational psychology},
  volume={25},
  number={1},
  pages={68--81},
  year={2000},
  publisher={Elsevier}
}