@Book{Wickham,
    author = {Hadley Wickham},
    title = {ggplot2: Elegant Graphics for Data Analysis},
    publisher = {Springer-Verlag New York},
    year = {2016},
    isbn = {978-3-319-24277-4},
    url = {https://ggplot2.tidyverse.org},
  }

@book{gandrud2021,
  title={Reproducible research with R and R studio (3rd Edition)},
  author={Gandrud, Christopher},
  year={2021},
  publisher={CRC Press},
  url = {http://github.com/christophergandrud/Rep-Res-Book}
}


@book{estrellado2020e,
	title = {Data Science in Education Using R},
	author = {{Estrellado}, {Ryan A.} and {Freer}, {Emily A.} and {Mostipak}, {Jesse} and {Rosenberg}, {Joshua M.} and {Vel√°squez}, {Isabella C.}},
	year = {2020},
	month = {10},
	date = {2020-10-26},
	publisher = {Routledge},
	doi = {10.4324/9780367822842},
	url = {http://dx.doi.org/10.4324/9780367822842}
}


@book{krumm2018,
	title = {Learning Analytics Goes to School},
	author = {{Krumm}, {Andrew} and {Means}, {Barbara} and {Bienkowski}, {Marie}},
	year = {2018},
	month = {01},
	date = {2018-01-12},
	publisher = {Routledge},
	doi = {10.4324/9781315650722},
	url = {http://dx.doi.org/10.4324/9781315650722}
}

@InProceedings{ mckinney-proc-scipy-2010,
  author    = { {W}es {M}c{K}inney },
  title     = { {D}ata {S}tructures for {S}tatistical {C}omputing in {P}ython },
  booktitle = { {P}roceedings of the 9th {P}ython in {S}cience {C}onference },
  pages     = { 56 - 61 },
  year      = { 2010 },
  editor    = { {S}t\'efan van der {W}alt and {J}arrod {M}illman },
  doi       = { 10.25080/Majora-92bf1922-00a }
}

@book{silge2017text,
  title={Text mining with R: A tidy approach},
  author={Silge, Julia and Robinson, David},
  year={2017},
  publisher={" O'Reilly Media, Inc."},
  url = {https://www.tidytextmining.com}
}

@article{underwood2013wordcounts,
  title={Wordcounts are amazing},
  author={Underwood, Ted},
  journal={The Stone and the Shell},
  year={2013},
  url = {https://tedunderwood.com/2013/02/20/wordcounts-are-amazing/}
}

@book{wickham2016r,
  title={R for data science: import, tidy, transform, visualize, and model data},
  author={Wickham, Hadley and Grolemund, Garrett},
  year={2016},
  publisher={" O'Reilly Media, Inc."},
  url = {https://r4ds.had.co.nz}
}
