
@article{brouwer2022development,
  title={The development of peer networks and academic performance in learning communities in higher education},
  author={Brouwer, Jasperina and De Matos Fernandes, Carlos A and Steglich, Christian EG and Jansen, Ellen PWA and Hofman, WH Adriaan and Flache, Andreas},
  journal={Learning and Instruction},
  volume={80},
  pages={101603},
  year={2022},
  publisher={Elsevier}, 
  url = {https://www.sciencedirect.com/science/article/pii/S095947522200024X}
}

@article{carolan2014,
	title = {Social Network Analysis and Education: Theory, Methods & Applications},
	author = {Carolan, Brian},
	year = {2014},
	date = {2014},
	doi = {10.4135/9781452270104}
}

@article{cole2010changes,
  title={Changes in attitude: Peer influence in high school reform},
  author={Cole, Russell P and Weinbaum, Elliot H},
  journal={Social network theory and educational change},
  pages={77--96},
  year={2010}
}

@article{daly2010bridge,
  title={A bridge between worlds: Understanding network structure to understand change strategy},
  author={Daly, Alan J and Finnigan, Kara S},
  journal={Journal of Educational Change},
  volume={11},
  pages={111--138},
  year={2010},
  publisher={Springer}, 
  url = {https://link.springer.com/content/pdf/10.1007/s10833-009-9102-5.pdf}
}

@article{daly2011ebb,
  title={The ebb and flow of social network ties between district leaders under high-stakes accountability},
  author={Daly, Alan J and Finnigan, Kara S},
  journal={American Educational Research Journal},
  volume={48},
  number={1},
  pages={39--79},
  year={2011},
  publisher={SAGE Publications Sage CA: Los Angeles, CA}
}

@book{estrellado2020e,
	title = {Data Science in Education Using R},
	author = {{Estrellado}, {Ryan A.} and {Freer}, {Emily A.} and {Mostipak}, {Jesse} and {Rosenberg}, {Joshua M.} and {Velásquez}, {Isabella C.}},
	year = {2020},
	month = {10},
	date = {2020-10-26},
	publisher = {Routledge},
	doi = {10.4324/9780367822842},
	url = {http://dx.doi.org/10.4324/9780367822842}
}

@article{frank2011focus,
  title={Focus, fiddle, and friends: Experiences that transform knowledge for the implementation of innovations},
  author={Frank, Kenneth A and Zhao, Yong and Penuel, William R and Ellefson, Nicole and Porter, Susan},
  journal={Sociology of education},
  volume={84},
  number={2},
  pages={137--156},
  year={2011},
  publisher={SAGE Publications Sage CA: Los Angeles, CA}, 
  url={https://journals.sagepub.com/doi/pdf/10.1177/0038040711401812}
}

@article{freeman2004development,
  title={The development of social network analysis},
  author={Freeman, Linton},
  journal={A Study in the Sociology of Science},
  volume={1},
  number={687},
  pages={159--167},
  year={2004}
}


@InProceedings{SciPyProceedings_11,
  author =       {Aric A. Hagberg and Daniel A. Schult and Pieter J. Swart},
  title =        {Exploring Network Structure, Dynamics, and Function using NetworkX},
  booktitle =   {Proceedings of the 7th Python in Science Conference},
  pages =     {11 - 15},
  address = {Pasadena, CA USA},
  year =      {2008},
  editor =    {Ga\"el Varoquaux and Travis Vaught and Jarrod Millman},
}

@Manual{handcock,
		title = {statnet: Software tools for the Statistical Modeling of Network Data},
		organization = {Statnet Development Team},
		author = {Pavel N. Krivitsky, Mark S. Handcock and David R. Hunter and Carter T. Butts and Chad Klumb and Steven M. Goodreau and Martina Morris},
		year = {2003-2020},
		url = {http://statnet.org}
	}
	
@article{hallinan1990students,
  title={Students' characteristics and the peer-influence process},
  author={Hallinan, Maureen T and Williams, Richard A},
  journal={Sociology of education},
  pages={122--132},
  year={1990},
  publisher={JSTOR}, 
  url = {https://www.jstor.org/stable/pdf/2112858.pdf}
}
	
@book{krumm2018,
	title = {Learning Analytics Goes to School},
	author = {{Krumm}, {Andrew} and {Means}, {Barbara} and {Bienkowski}, {Marie}},
	year = {2018},
	month = {01},
	date = {2018-01-12},
	publisher = {Routledge},
	doi = {10.4324/9781315650722},
	url = {http://dx.doi.org/10.4324/9781315650722}
}


@article{kellogg2014social,
  title={A social network perspective on peer supported learning in MOOCs for educators},
  author={Kellogg, Shaun and Booth, Sherry and Oliver, Kevin},
  journal={International Review of Research in Open and Distributed Learning},
  volume={15},
  number={5},
  pages={263--289},
  year={2014},
  publisher={Athabasca University Press (AU Press)}, 
  url={https://www.erudit.org/en/journals/irrodl/2014-v15-n5-irrodl04945/1065545ar.pdf}
}

@article{kellogg2015massively,
  title={Massively open online course for educators (MOOC-Ed) network dataset},
  author={Kellogg, Shaun and Edelmann, Achim},
  journal={British Journal of Educational Technology},
  volume={46},
  number={5},
  pages={977--983},
  year={2015},
  publisher={Wiley Online Library},
  url={https://bera-journals.onlinelibrary.wiley.com/doi/abs/10.1111/bjet.12312}
}



@article{maroulis2008does,
  title={Does “connectedness” matter? Evidence from a social network analysis within a small-school reform},
  author={Maroulis, Spiro and Gomez, Louis M},
  journal={Teachers College Record},
  volume={110},
  number={9},
  pages={1901--1929},
  year={2008},
  publisher={SAGE Publications Sage CA: Los Angeles, CA}
}

@InProceedings{ mckinney-proc-scipy-2010,
  author    = { {W}es {M}c{K}inney },
  title     = { {D}ata {S}tructures for {S}tatistical {C}omputing in {P}ython },
  booktitle = { {P}roceedings of the 9th {P}ython in {S}cience {C}onference },
  pages     = { 56 - 61 },
  year      = { 2010 },
  editor    = { {S}t\'efan van der {W}alt and {J}arrod {M}illman },
  doi       = { 10.25080/Majora-92bf1922-00a }
}

@article{moreno1934shall,
  title={Who shall survive? A new approach to the problem of human interrelations},
  author={Moreno, Jacob and Jennings, Helen},
  year={1934},
  publisher={Nervous and Mental Disease Publishing},
  url={https://archive.org/details/whoshallsurviven00jlmo/page/30/mode/1up}
}


@article{morgan2009intergenerational,
  title={Intergenerational closure and academic achievement in high school: A new evaluation of Coleman's conjecture},
  author={Morgan, Stephen L and Todd, Jennifer J},
  journal={Sociology of Education},
  volume={82},
  number={3},
  pages={267--286},
  year={2009},
  publisher={SAGE Publications Sage CA: Los Angeles, CA}, 
  url={https://journals.sagepub.com/doi/pdf/10.1177/003804070908200304}
}


@article{pittinsky2008behavioral,
  title={Behavioral versus cognitive classroom friendship networks: Do teacher perceptions agree with student reports?},
  author={Pittinsky, Matthew and Carolan, Brian V},
  journal={Social Psychology of Education},
  volume={11},
  pages={133--147},
  year={2008},
  publisher={Springer}, 
  url={https://link.springer.com/content/pdf/10.1007/s11218-007-9046-7.pdf}
}

@article{raabe2019social,
  title={The social pipeline: How friend influence and peer exposure widen the STEM gender gap},
  author={Raabe, Isabel J and Boda, Zs{\'o}fia and Stadtfeld, Christoph},
  journal={Sociology of Education},
  volume={92},
  number={2},
  pages={105--123},
  year={2019},
  publisher={Sage Publications Sage CA: Los Angeles, CA}, 
  url={https://journals.sagepub.com/doi/pdf/10.1177/0038040718824095}
}

@article{ream2008student,
  title={Student engagement, peer social capital, and school dropout among Mexican American and non-Latino white students},
  author={Ream, Robert K and Rumberger, Russell W},
  journal={Sociology of education},
  volume={81},
  number={2},
  pages={109--139},
  year={2008},
  publisher={SAGE Publications Sage CA: Los Angeles, CA}
}

@article{renzulli2005charter,
  title={Charter school policy, implementation, and diffusion across the United States},
  author={Renzulli, Linda A and Roscigno, Vincent J},
  journal={Sociology of Education},
  volume={78},
  number={4},
  pages={344--366},
  year={2005},
  publisher={SAGE Publications Sage CA: Los Angeles, CA}, 
  url={https://journals.sagepub.com/doi/pdf/10.1177/003804070507800404}
}

@article{valente2004using,
  title={Using social networks to understand and prevent substance use: A transdisciplinary perspective},
  author={Valente, Thomas W and Gallaher, Peggy and Mouttapa, Michele},
  journal={Substance use \& misuse},
  volume={39},
  number={10-12},
  pages={1685--1712},
  year={2004},
  publisher={Taylor \& Francis},
  url={https://citeseerx.ist.psu.edu/document?repid=rep1&type=pdf&doi=1c33ecbb377351fbc9a7a2725d10acbd4169ff3e}
  
}

@book{wickham2016r,
  title={R for data science: import, tidy, transform, visualize, and model data},
  author={Wickham, Hadley and Grolemund, Garrett},
  year={2016},
  publisher={" O'Reilly Media, Inc."},
  url = {https://r4ds.had.co.nz}
}

	



@article{wasserman1994social,
  title={Social network analysis: Methods and applications},
  author={Wasserman, Stanley and Faust, Katherine and others},
  year={1994},
  publisher={Cambridge university press}
}

@article{mcpherson1987homophily,
  title={Homophily in voluntary organizations: Status distance and the composition of face-to-face groups},
  author={McPherson, J Miller and Smith-Lovin, Lynn},
  journal={American sociological review},
  pages={370--379},
  year={1987},
  publisher={JSTOR}
}

