
@book{krumm2018,
	title = {Learning Analytics Goes to School},
	author = {Krumm, Andrew and Means, Barbara and Bienkowski, Marie},
	year = {2018},
	month = {01},
	date = {2018-01-12},
	publisher = {Routledge},
	doi = {10.4324/9781315650722},
	url = {http://dx.doi.org/10.4324/9781315650722}
}

@article{silge2016,
	title = {tidytext: Text Mining and Analysis Using Tidy Data Principles in R},
	author = {Silge, Julia and Robinson, David},
	year = {2016},
	month = {07},
	date = {2016-07-11},
	journal = {The Journal of Open Source Software},
	pages = {37},
	volume = {1},
	number = {3},
	doi = {10.21105/joss.00037},
	url = {http://dx.doi.org/10.21105/joss.00037}
}

@article{grolemund2014a,
	title = {A Cognitive Interpretation of Data Analysis},
	author = {Grolemund, Garrett and Wickham, Hadley},
	year = {2014},
	month = {04},
	date = {2014-04-11},
	journal = {International Statistical Review},
	pages = {184--204},
	volume = {82},
	number = {2},
	doi = {10.1111/insr.12028},
	url = {http://dx.doi.org/10.1111/insr.12028},
	langid = {en}
}
