@article{arastoopour2015teaching,
  title={Teaching and assessing engineering design thinking with virtual internships and epistemic network analysis},
  author={Arastoopour Irgens, Golnaz and Shaffer, David Williamson and Swiecki, Zachari and Ruis, AR and Chesler, Naomi C},
  journal={International Journal of Engineering Education},
  year={2015},
  publisher={Tempus Publications}
}


@inproceedings{arastoopour2022foundations,
  title={The foundations and fundamentals of quantitative ethnography},
  author={Arastoopour Irgens, Golnaz and Eagan, Brendan},
  booktitle={International Conference on Quantitative Ethnography},
  pages={3--16},
  year={2022},
  organization={Springer}
}

@article{chesler2015novel,
  title={A novel paradigm for engineering education: Virtual internships with individualized mentoring and assessment of engineering thinking},
  author={Chesler, Naomi C and Ruis, Andrew R and Collier, Wesley and Swiecki, Zachari and Arastoopour, Golnaz and Williamson Shaffer, David},
  journal={Journal of biomechanical engineering},
  volume={137},
  number={2},
  pages={024701},
  year={2015},
  publisher={American Society of Mechanical Engineers}
}

@book{estrellado2020data,
  title={Data science in education using R},
  author={Estrellado, Ryan A and Freer, Emily and Mostipak, Jesse and Rosenberg, Joshua M and Vel{\'a}squez, Isabella C},
  year={2020},
  publisher={Routledge}
}


@inproceedings{fisher2016network,
  title={Network analysis of interactions between students and an instructor during design meetings},
  author={Fisher, Kathleen Quardokus and Hirshfield, Laura and Siebert-Evenstone, Amanda and Irgens, Golnaz Arastoopour and Koretsky, Milo},
  booktitle={2016 ASEE Annual Conference \& Exposition},
  year={2016}
}

@book{krumm2018,
	title = {Learning Analytics Goes to School},
	author = {{Krumm}, {Andrew} and {Means}, {Barbara} and {Bienkowski}, {Marie}},
	year = {2018},
	month = {01},
	date = {2018-01-12},
	publisher = {Routledge},
	doi = {10.4324/9781315650722},
	url = {http://dx.doi.org/10.4324/9781315650722}
}


@article{rosenberg2020,
	title = {Understanding public sentiment about educational reforms: The Next Generation Science Standards on Twitter},
	author={Rosenberg, Joshua and Borchers, Conrad and Dyer, Elizabeth B and Anderson, Daniel and Fischer, Christian},
	year = {2020},
	month = {10},
	date = {2020-10-02},
	url = {http://dx.doi.org/10.31219/osf.io/xymsd}
}


@inproceedings{hutto2014vader,
  title={Vader: A parsimonious rule-based model for sentiment analysis of social media text},
  author={Hutto, Clayton and Gilbert, Eric},
  booktitle={Proceedings of the International AAAI Conference on Web and Social Media},
  volume={8},
  number={1},
  year={2014}
}


@article{macfadyen2010,
	title = {Mining LMS data to develop an {\textquotedblleft}early warning system{\textquotedblright} for educators: A proof of concept},
	author = {{Macfadyen}, {Leah P.} and {Dawson}, {Shane}},
	year = {2010},
	month = {02},
	date = {2010-02},
	journal = {Computers & Education},
	pages = {588--599},
	volume = {54},
	number = {2},
	doi = {10.1016/j.compedu.2009.09.008},
	url = {http://dx.doi.org/10.1016/j.compedu.2009.09.008},
	langid = {en}
}


@article{macfadyen2010mining,
  title={Mining LMS data to develop an “early warning system” for educators: A proof of concept},
  author={Macfadyen, Leah P and Dawson, Shane},
  journal={Computers \& education},
  volume={54},
  number={2},
  pages={588--599},
  year={2010},
  publisher={Elsevier}
}


@book{shaffer2017quantitative,
  title={Quantitative ethnography},
  author={Shaffer, David Williamson},
  year={2017},
  publisher={Lulu. com}
}

@article{shaffer2016tutorial,
  title={A tutorial on epistemic network analysis: Analyzing the structure of connections in cognitive, social, and interaction data},
  author={Shaffer, David Williamson and Collier, Wesley and Ruis, Andrew R},
  journal={Journal of learning analytics},
  volume={3},
  number={3},
  pages={9--45},
  year={2016}
}

@article{shaffer2017epistemic,
  title={Epistemic network analysis: A worked example of theory-based learning analytics},
  author={Shaffer, David and Ruis, Andrew},
  journal={Handbook of learning analytics},
  year={2017}
}

@misc{Shaffer2020BigIdeas,
  author = {Shaffer, David Williamson},
  title = {Big Ideas: Quantitative Ethnography},
  year = {2023},
  howpublished = {YouTube},
  url = {https://youtu.be/TX-NeXBE9MA?si=ZlWjD0QUlzyIj-rk},
  note = {Accessed: 2025-03-15}
}

@misc{Shaffer2018QE,
  author = {Shaffer, David Williamson},
  title = {LAK18 Keynote: Quantitative Ethnography},
  year = {2018},
  howpublished = {YouTube},
  url = {https://youtu.be/TX-NeXBE9MA?si=ZlWjD0QUlzyIj-rk},
  note = {Accessed: 2025-03-15}
}

@book{silge2017text,
  title={Text mining with R: A tidy approach},
  author={Silge, Julia and Robinson, David},
  year={2017},
  publisher={" O'Reilly Media, Inc."},
  url = {https://www.tidytextmining.com}
}


@article{shaffer2014guide,
  title={Guide to RSdata. csv sample ENA data set},
  author={Shaffer, DW and Arastoopour, G},
  journal={Madison, WI: Games and Professional Simulations Technical Report},
  volume={3},
  year={2014}
}

@misc{Shum2020,
  author = {Shum, Simon Buckingham},
  title = {ICQE20 Keynote: QE Visualizations as Tools for Thinking},
  year = {2020},
  howpublished = {YouTube},
  url = {https://youtu.be/if04TslQN2g},
  note = {Accessed: 2025-03-15}
}

@incollection{tan2024epistemic,
  title={Epistemic network analysis and ordered network analysis in learning analytics},
  author={Tan, Yuanru and Swiecki, Zachari and Ruis, Andrew R and Shaffer, David},
  booktitle={Learning Analytics Methods and Tutorials: A Practical Guide Using R},
  pages={569--636},
  year={2024},
  publisher={Springer Nature Switzerland Cham}
}

@article{wang2017,
	title = {Common Core State Standards on Twitter: Public Sentiment and Opinion Leaders},
	author = {{Wang}, {Yinying} and {Fikis}, {David J.}},
	year = {2017},
	month = {08},
	date = {2017-08-02},
	journal = {Educational Policy},
	pages = {650--683},
	volume = {33},
	number = {4},
	doi = {10.1177/0895904817723739},
	url = {http://dx.doi.org/10.1177/0895904817723739},
	langid = {en}
}

@book{wickham2023r,
  title={R for data science},
  author={Wickham, Hadley and {\c{C}}etinkaya-Rundel, Mine and Grolemund, Garrett},
  year={2023},
  publisher={" O'Reilly Media, Inc."}, 
  url = {https://r4ds.hadley.nz}
}


@misc{wright2021tidyverse,
  title={Tidyverse skills for data science},
  author={Wright, C and Ellis, SE and Hicks, SC and Peng, RD},
  year={2021}
}

@book{wright2021tidyverse,
  title={Tidyverse Skills for Data Science in R},
  author={Wright, Carrie and Ellis, Shannon and Hicks, Stephanie and Peng, Roger},
  year={2021},
  publisher={leanpub},
  url = {https://jhudatascience.org/tidyversecourse/}
}

@article{wigfield2000expectancy,
  title={Expectancy--value theory of achievement motivation},
  author={Wigfield, Allan and Eccles, Jacquelynne S},
  journal={Contemporary educational psychology},
  volume={25},
  number={1},
  pages={68--81},
  year={2000},
  publisher={Elsevier}
}

